@article{gates2019clusim,
  title={CluSim: a python package for calculating clustering similarity},
  author={Gates, Alexander J and Ahn, Yong-Yeol},
  journal={J. Open Source Softw.},
  volume={4},
  number={35},
  pages={1264},
  year={2019},
  doi={https://doi.org/10.21105/joss.01264}
}

@book{plotly,
   author = {{Plotly Technologies Inc.}},
   title = {Collaborative data science},
   publisher = {Plotly Technologies Inc.},
   address = {Montreal, QC},
   year = {2015},
   url = {https://plot.ly}
}

@book{oliphant2006guide,
  title={Guide to NumPy},
  author={Oliphant, Travis E},
  year={2006},
  publisher={MIT Press},
  address={Cambridge, MA}
}

@article{van2011numpy,
  title={The NumPy array: a structure for efficient numerical computation},
  author={Van Der Walt, Stefan and Colbert, S Chris and Varoquaux, Gael},
  journal={Computing in Science \& Engineering},
  volume={13},
  number={2},
  pages={22},
  year={2011},
  publisher={IEEE Computer Society},
  doi={http://dx.doi.org/10.1109/MCSE.2011.37}
}

@article{hunter2007matplotlib,
  title={Matplotlib: A {2D} graphics environment},
  author={Hunter, John D},
  journal={Computing in science \& engineering},
  volume={9},
  number={3},
  pages={90},
  year={2007},
  publisher={IEEE Computer Society},
  doi={https://doi.org/10.1109/MCSE.2007.55}
}

@inproceedings{mckinney2010data,
  title={Data structures for statistical computing in python},
  author={McKinney, Wes and others},
  booktitle={Proceedings of the 9th Python in Science Conference},
  volume={445},
  pages={51--56},
  year={2010},
  organization={Austin, TX}
}